<?xml version="1.0" encoding="UTF-8"?><collection xmlns="http://www.loc.gov/MARC21/slim"><record><leader>00432nam--2200145-i-4500</leader><controlfield tag="001">000010985</controlfield><controlfield tag="002">20161230</controlfield><controlfield tag="005">20170302223651</controlfield><controlfield tag="008">060222s1000------------r-----000-0-eng-d</controlfield><datafield ind1=" " ind2=" " tag="100"><subfield code="a">Balsenc, Lucette R</subfield></datafield><datafield ind1=" " ind2=" " tag="245"><subfield code="a">Etude radiochimique de l hafnium et application a l analyse. /these</subfield></datafield><datafield ind1=" " ind2=" " tag="260"><subfield code="a">Geneve</subfield><subfield code="b">L Universite De Geneve - Faculte Des Sciences</subfield><subfield code="c">1971</subfield></datafield><datafield ind1=" " ind2=" " tag="300"><subfield code="a">243 p</subfield></datafield><datafield ind1=" " ind2=" " tag="852"><subfield code="a">541.28(043)</subfield></datafield><datafield ind1=" " ind2=" " tag="CAT"><subfield code="a">SYS</subfield><subfield code="c">20170302</subfield><subfield code="h">223651</subfield></datafield></record></collection>